@article{csirik2006sum,
	title={On the sum-of-squares algorithm for bin packing},
	author={Csirik, Janos and Johnson, David S and Kenyon, Claire and Orlin, James B and Shor, Peter W and Weber, Richard R},
	journal={Journal of the ACM (JACM)},
	volume={53},
	number={1},
	pages={1--65},
	year={2006},
	publisher={ACM}
}

@inproceedings{csirik1999self,
	title={A self organizing bin packing heuristic},
	author={Csirik, J{\'a}nos and Johnson, David S and Kenyon, Claire and Shor, Peter W and Weber, Richard R},
	booktitle={Workshop on Algorithm Engineering and Experimentation},
	pages={250--269},
	year={1999},
	organization={Springer}
}

@article{article,
  author  = {Peter Adams},
  title   = {The title of the work},
  journal = {The name of the journal},
  year    = 1993,
  number  = 2,
  pages   = {201-213},
  month   = 7,
  note    = {An optional note},
  volume  = 4
}

@article{gupta2012online,
	title={Online stochastic bin packing},
	author={Gupta, Varun and Radovanovic, Ana},
	journal={arXiv preprint arXiv:1211.2687},
	year={2012}
}

@article{courcobetis1990stability,
	title={Stability of On-Line Bin Packing With Random Arrivals and Long-Run-Average Constraints},
	author={Courcobetis, Coastas and Weber, Richard},
	journal={Probability in the Engineering and Informational Sciences},
	volume={4},
	number={4},
	pages={447--460},
	year={1990},
	publisher={Cambridge University Press}
}

@article{bello2016neural,
	title={Neural combinatorial optimization with reinforcement learning},
	author={Bello, Irwan and Pham, Hieu and Le, Quoc V and Norouzi, Mohammad and Bengio, Samy},
	journal={arXiv preprint arXiv:1611.09940},
	year={2016}
}

@inproceedings{vinyals2015pointer,
	title={Pointer networks},
	author={Vinyals, Oriol and Fortunato, Meire and Jaitly, Navdeep},
	booktitle={Advances in Neural Information Processing Systems},
	pages={2692--2700},
	year={2015}
}

@inproceedings{coffmanetal1991,
	title={Fundamental Discrepancies between Average-Case Analysis under Discrete and Continuous Distributions: A Bin Packing Case Study},
	author={E.G. Coffman, Jr., C. Courcoubetis, M. R. Garey, D. S. Johnson, L. A. McGeoch, P. W. Shor, R. R. Weber, and M. Yannakakis},
	booktitle={In STOC '91: Proceedings of the Twenty-Third Annual ACM Symposium on Theory of Computing},
	pages={230-240},
	year={1991},
	address = {New York, NY, USA}
}

@article{Kenyon1998,
title = "Biased Random Walks, Lyapunov Functions, and Stochastic Analysis of Best Fit Bin Packing",
journal = "Journal of Algorithms",
volume = "27",
number = "2",
pages = "218 - 235",
year = "1998",
issn = "0196-6774",
doi = "https://doi.org/10.1006/jagm.1997.0919",
author = "Claire Kenyon and Yuval Rabani and Alistair Sinclair"
}

@INPROCEEDINGS{KenyonMitzen2000, 
author={C. {Kenyon} and M. {Mitzenmacher}}, 
booktitle={Proceedings 41st Annual Symposium on Foundations of Computer Science}, 
title={Linear waste of best fit bin packing on skewed distributions}, 
year={2000}, 
volume={}, 
number={}, 
pages={582-589}, 
keywords={bin packing;probability;performance index;linear waste;best-fit bin packing;discrete distribution;continuous skewed distributions;asymptotic performance ratio;Algorithm design and analysis;Approximation algorithms;Performance analysis;Engineering profession;Random variables;H infinity control}, 
doi={10.1109/SFCS.2000.892326}, 
ISSN={0272-5428}, 
month={Nov},}

@inproceedings{Albers1998,
 author = {Albers, Susanne and Mitzenmacher, Michael},
 title = {Average-case Analyses of First Fit and Random Fit Bin Packing},
 booktitle = {Proceedings of the Ninth Annual ACM-SIAM Symposium on Discrete Algorithms},
 series = {SODA '98},
 year = {1998},
 isbn = {0-89871-410-9},
 location = {San Francisco, California, USA},
 pages = {290--299},
 numpages = {10},
 acmid = {314718},
 publisher = {Society for Industrial and Applied Mathematics},
 address = {Philadelphia, PA, USA},
} 

@article{Johnsonetal1974,
author = {Johnson, D. and Demers, A. and Ullman, J. and Garey, M. and Graham, R.},
title = {Worst-Case Performance Bounds for Simple One-Dimensional Packing Algorithms},
journal = {SIAM Journal on Computing},
volume = {3},
number = {4},
pages = {299-325},
year = {1974},
doi = {10.1137/0203025}
}

@Inbook{Coffmanetal2013,
author="Coffman Jr., Edward G.
and Csirik, J{\'a}nos
and Galambos, G{\'a}bor
and Martello, Silvano
and Vigo, Daniele",
editor="Pardalos, Panos M.
and Du, Ding-Zhu
and Graham, Ronald L.",
title="Bin Packing Approximation Algorithms: Survey and Classification",
bookTitle="Handbook of Combinatorial Optimization",
year="2013",
publisher="Springer New York",
address="New York, NY",
pages="455--531",
isbn="978-1-4419-7997-1",
doi="10.1007/978-1-4419-7997-1_35"
}

@article{AdelmanNem1999,
author = {Adelman, Daniel and Nemhauser, George L.},
title = {Price-Directed Control of Remnant Inventory Systems},
journal = {Operations Research},
volume = {47},
number = {6},
pages = {889-898},
year = {1999},
doi = {10.1287/opre.47.6.889}}

@article{IyengarSigman2004,
author = "Iyengar, Garud and Sigman, Karl",
doi = "10.1214/105051604000000936",
fjournal = "The Annals of Applied Probability",
journal = "Ann. Appl. Probab.",
month = "11",
number = "4",
pages = "1698--1740",
publisher = "The Institute of Mathematical Statistics",
title = "Exponential penalty function control of loss networks",
volume = "14",
year = "2004"
}

@InProceedings{GuptaMolinaro2014,
author="Gupta, Anupam
and Molinaro, Marco",
editor="Schulz, Andreas S.
and Wagner, Dorothea",
title="How Experts Can Solve LPs Online",
booktitle="Algorithms - ESA 2014",
year="2014",
publisher="Springer Berlin Heidelberg",
address="Berlin, Heidelberg",
pages="517--529",
}

@inproceedings{AgrawalDevanur2015,
 author = {Agrawal, Shipra and Devanur, Nikhil R.},
 title = {Fast Algorithms for Online Stochastic Convex Programming},
 booktitle = {Proceedings of the Twenty-sixth Annual ACM-SIAM Symposium on Discrete Algorithms},
 series = {SODA '15},
 year = {2015},
 location = {San Diego, California},
 pages = {1405--1424},
 numpages = {20},
 acmid = {2722222},
 publisher = {Society for Industrial and Applied Mathematics},
 address = {Philadelphia, PA, USA},
} 

@article{RheeTalagrand1993,
author = {Rhee, W. and Talagrand, M.},
title = {On-Line Bin Packing of Items of Random Sizes, II},
journal = {SIAM Journal on Computing},
volume = {22},
number = {6},
pages = {1251-1256},
year = {1993},
doi = {10.1137/0222074}}

@INPROCEEDINGS{Shor1991, 
author={P. W. {Shor}}, 
booktitle={[1991] Proceedings 32nd Annual Symposium of Foundations of Computer Science}, 
title={How to pack better than best fit: tight bounds for average-case online bin packing}, 
year={1991}, 
volume={}, 
number={}, 
pages={752-759}, 
keywords={computational complexity;operations research;ball packing;rectangle packing;tight bounds;average-case online bin packing;online algorithm;expected wasted space;lowest bound;stochastic rightward matching problem;half-infinite strip;2-D strip packing problem;Algorithm design and analysis;Optimized production technology;Strips;NP-complete problem;Polynomials;Testing;Performance analysis;Harmonic analysis}, 
doi={10.1109/SFCS.1991.185444}, 
ISSN={}, 
month={Oct},}

@inproceedings{khalil2017learning,
	title={Learning combinatorial optimization algorithms over graphs},
	author={Khalil, Elias and Dai, Hanjun and Zhang, Yuyu and Dilkina, Bistra and Song, Le},
	booktitle={Advances in Neural Information Processing Systems},
	pages={6348--6358},
	year={2017}
}

@article{kool2018attention,
	title={Attention, Learn to Solve Routing Problems!},
	author={Kool, Wouter and van Hoof, Herke and Welling, Max},
	year={2018}
}

@inproceedings{vaswani2017attention,
	title={Attention is all you need},
	author={Vaswani, Ashish and Shazeer, Noam and Parmar, Niki and Uszkoreit, Jakob and Jones, Llion and Gomez, Aidan N and Kaiser, {\L}ukasz and Polosukhin, Illia},
	booktitle={Advances in Neural Information Processing Systems},
	pages={5998--6008},
	year={2017}
}

@inproceedings{nazari2018reinforcement,
	title={Reinforcement Learning for Solving the Vehicle Routing Problem},
	author={Nazari, Mohammadreza and Oroojlooy, Afshin and Snyder, Lawrence and Tak{\'a}c, Martin},
	booktitle={Advances in Neural Information Processing Systems},
	pages={9861--9871},
	year={2018}
}

@inproceedings{Leighton:1986,
	author = {Leighton, F T and Shor, P},
	title = {Tight Bounds for Minimax Grid Matching, with Applications to the Average Case Analysis of Algorithms},
	booktitle = {Proceedings of the Eighteenth Annual ACM Symposium on Theory of Computing},
	series = {STOC '86},
	year = {1986},
	isbn = {0-89791-193-8},
	location = {Berkeley, California, USA},
	pages = {91--103},
	numpages = {13},
	doi = {10.1145/12130.12140},
	acmid = {12140},
	publisher = {ACM},
	address = {New York, NY, USA},
} 

@article{Shor:1986,
	author = {Shor, P W},
	title = {The Average-case Analysis of Some On-line Algorithms for Bin Packing},
	journal = {Combinatorica},
	issue_date = {1986},
	volume = {6},
	number = {2},
	month = jan,
	year = {1986},
	issn = {0209-9683},
	pages = {179--200},
	numpages = {22},
	doi = {10.1007/BF02579171},
	acmid = {18503},
	publisher = {Springer-Verlag New York, Inc.},
	address = {Secaucus, NJ, USA},
} 